@book{DriftChamberBook,
	author    = "Walter Blum, Werner Riegler, Luigi Rolandi",
	title     = "Particle detection with drift chambers",
	year      = "2008",
	publisher = "Wiley",
	address   = "Berlin"
}

@book{knoll,
    author    = "Gelnn F. Knoll",
    title     = "Radiation detection and measurement",
    year      = "2010",
    publisher = "Springer",
    address   = "Hoboken, New Jersey"
}

@misc{DRS4_manual,
	author = "Stefan Ritt",
	title = "{DRS4} Evaluation Board User's Manual"
	url = "https://www.psi.ch/drs/DocumentationEN/manual_rev51.pdf
}
@misc{NIMwiki,
	author    = "Wikipedia",
	title     = "{NIM} Instrumentation Module",
	url       = "https://en.wikipedia.org/wiki/Nuclear_Instrumentation_Module"
}

@misc{root_website,
	title     = "{ROOT} -- Data Analysis Framework",
	url       = "https://root.cern.ch"
}